@Book{bauer2005linux,
 author = {Bauer, Michael},
 title = {Linux server security},
 publisher = {O'Reilly},
 year = {2005},
 address = {Sebastapol, CA Cambridge},
 isbn = {978-0-596-00670-9}
 }