@MASTERSTHESIS{almeida06,
	AUTHOR       = "Almeida, Osvaldo Cesar Pinheiro de",
	TITLE        = "T{\'e}cnicas de processamento de imagens para localiza{\c{c}}{\~a}o e reconhecimento de faces",
	SCHOOL       = "Universidade de S{\~a}o Paulo",
	YEAR         = "2006",
	ADDRESS      = "S{\~a}o Carlos",
	PAGES        = "1--6"
}

@TECHREPORT{coutinho07,
	AUTHOR       = "Coutinho, Gabriel Chaves Afonso",
	TITLE        = "Reconhecimento facial baseado em Support Vector Machines",
	YEAR         = "2007",
	ADDRESS      = "Trabalho de Conclus{\~a}o de Curso (Gradua{\c{c}}{\~a}o em Ci{\^e}ncia da Computa{\c{c}}{\~a}o) - Universidade Federal de Lavras. Lavras",
	PAGES = "2--7"
}

@ARTICLE{franke02,
	AUTHOR       = "Franke, Katrin and Ruiz-delSolar, Javier and Koppen, Mario",
	TITLE        = "Soft-Biometrics: Soft-Computing for Biometric-Applications",
	JOURNAL      = "International Journal of Fuzzy Systems",
	YEAR         = "2002",
	VOLUME       = "4",
	NUMBER       = "2",
 	ADDRESS = "Berlim",
	PAGES        = "8"
}

@BOOK{furtado02,
	AUTHOR       = "Furtado, Vasco",
	TITLE        = "Tecnologia e gest{\~a}o da informa{\c{c}}{\~a}o na seguran{\c{c}}a p{\'u}blica",
	PUBLISHER    = "Garamond",
	YEAR         = "2002",
	EDITION      = "1",
	PAGES = "41--46"
}

@MASTERSTHESIS{hirakuri03,
	AUTHOR       = "Hirakuri, Marcelo Hiroshi",
	TITLE        = "Aplica{\c{c}}{\~a}o da rede neural neocognitron para reconhecimento de atributos faciais",
	SCHOOL       = "Universidade Federal de S{\~a}o Carlos",
	YEAR         = "2003",
	ADDRESS      = "S{\~a}o Carlos",
	PAGES        = "27--33"
}

@BOOK{ingram04,
	AUTHOR       = "Ingram, Jay",
	TITLE        = "A ci{\^e}ncia na vida cotidiana",
	PUBLISHER    = "Ediouro",
	YEAR         = "2004",
	ADDRESS = "Rio de Janeiro",
	PAGES = "143--150"
}

@INPROCEEDINGS{matyas02,
 	AUTHOR = "Maty{\'a}s, V{\'a}clav and R{\'i}ha, Zden{\^e}k",
 	TITLE = "Biometric Authentication - Security and Usability",
	BOOKTITLE = "ADVANCED COMMUNICATIONS AND MULTIMEDIA SECURITY",
 	YEAR = "2002",
 	PAGES = "227-239",
 	PUBLISHER = "Kluwer Academic Publishers",
	address = "Norwell, USA"
 }

@MASTERSTHESIS{doprado04,
	AUTHOR       = "Prado, Junior Leal do",
	TITLE        = "Investiga{\c{c}}{\~a}o biom{\'e}trica em imagens digitais para detec{\c{c}}{\~a}o de faces humanas atrav{\'e}s da propor{\c{c}}{\~a}o divina",
	SCHOOL       = "Universidade de S{\~a}o Paulo",
	YEAR         = "2004",
	ADDRESS      = "S{\~a}o Carlos",
	PAGES        = "1--17"
}

@TECHREPORT{pradojunior05,
	AUTHOR       = "Prado Junior, Celso de Almeida",
	TITLE        = "Biometria com enfoque em reconhecimento de {\'i}ris",
	YEAR         = "2005",
	ADDRESS      = "Trabalho de Conclus{\~a}o de Curso (Gradua{\c{c}}{\~a}o em Ci{\^e}ncia da Computa{\c{c}}{\~a}o) - Universidade Estadual de Londrina. Londrina",
	PAGES = "9--14"
}

@TECHREPORT{prates10,
	AUTHOR       = "Prates, Rodrigo Leite",
	TITLE        = "Algoritmos de reconhecimento facial usando proje{\c{c}}{\~o}es em subespa{\c{c}}os",
	YEAR         = "2010",
	ADDRESS      = "Trabalho de Conclus{\~a}o de Curso (Gradua{\c{c}}{\~a}o em Engenharia Eletr{\^o}nica e Computa{\c{c}}{\~a}o) - Universidade Federal do Rio de Janeiro. Rio de Janeiro",
	PAGES = "4--15"
}

@PHDTHESIS{proenca06,
	AUTHOR       = "Proen{\c C}a, Hugo Pedro Martins Carri{\c{c}}o",
	TITLE        = "Towards non-cooperative biometric iris recognition",
	SCHOOL       =" Universidade de Beira Interior",
	YEAR         = "2006",
	ADDRESS      = "Covilh{\~a}",
	PAGES = "9--23"
}

@TECHREPORT{reisjunior02,
	AUTHOR       = "Reis Junior, Ademar de Souza and Soares Filho, Milton",
	TITLE        = "Aplica{\c{c}}{\~o}es de processamento de imagens a sistemas de seguran{\c{c}}a",
	YEAR         = "2002",
	ADDRESS      = "Trabalho apresentado como requisito parcial para aprova{\c{c}}{\~a}o na Disciplina T{\'o}picos em Processamento de Imagens - Universidade Federal do Paran{\'a}. Curitiba",
	PAGES = "13--18"
}

@BOOK{wayman05,
 	TITLE={Biometric systems: technology, design and performance evaluation},
 	AUTHOR={Wayman, J.},
	ISBN={9781852335960},
	LCCN={2004052208},
	URL={http://books.google.com.br/books?id=H6GGQgAACAAJ},
	YEAR={2005},
 	PUBLISHER={Springer},
	PAGES = "1--2"
}

@MASTERSTHESIS{mendonca08,
	AUTHOR       = "Mendon{\c c}a, Michelle Magalh{\~a}es",
	TITLE        = "Compara{\c{c}}{\~a}o entre m{\'e}todos de normaliza{\c{c}}{\~a}o da ilumina{\c{c}}{\~a}o utilizados para melhorar a taxa do reconhecimento facial",
	SCHOOL       = "Universidade de S{\~a}o Paulo",
	YEAR         = "2008",
	ADDRESS      = "S{\~a}o Carlos",
	PAGES        = "53--59"
}

@MASTERSTHESIS{dasilva06,
	AUTHOR       = "Silva, Alexandre Fieno da",
	TITLE        = "Reconhecimento de Faces via PCA: An{\'a}lise de Desempenho",
	SCHOOL       = "Universidade Federal de Uberl{\^a}ndia",
	YEAR         = "2006",
	ADDRESS      = "Uberl{\^a}ndia",
	PAGES        = "28--39"
}

@MASTERSTHESIS{matos03,
	AUTHOR       = "Matos, J{\'e}ferson Daniel de",
	TITLE        = "Utiliza{\c{c}}{\~a}o de Semivariogramas como redutor de dimensionalidade no reconhecimento de padr{\~o}es em imagens digitais hiperespectrais",
	SCHOOL       = "Universidade Federal do Rio Grande do Sul",
	YEAR         = "2003",
	ADDRESS      = "Porto Alegre",
	PAGES        = "12--32"
}

@PHDTHESIS{morais10,
	AUTHOR       = "Morais, Emerson Cordeiro",
	TITLE        = "Reconhecimento de padr{\~o}es e redes neurais artificiais em predi{\c{c}}{\~a}o de estruturas secund{\'a}rias de prote{\'i}nas",
	SCHOOL       =" Universidade Federal do Rio de Janeiro",
	YEAR         = "2010",
	ADDRESS      = "Rio de Janeiro",
	PAGES = "6--30"
}

@ARTICLE{zhao03,
	title={Face recognition: A literature survey},
	author={Zhao, W. and Chellappa, R. and Phillips, P.J. and Rosenfeld, A.},
	journal={Acm Computing Surveys (CSUR)},
	volume={35},
	number={4},
	pages={399--458},
	year={2003},
	publisher={ACM}
}

@ARTICLE{marin06,
	title={M{\'e}todos Estat{\'\i}sticos no Reconhecimento de Faces},
	author={Marin, L.O.},
	journal={Revista Eletr{\^o}nica de Sistemas de Informa{\c{c}}{\~a}o ISSN 1677-3071 doi: 10.5329/RESI},
	volume={5},
	number={2},
	year={2006}
}

@MASTERSTHESIS{friedlaender03,
	AUTHOR       = "Friedlaender, Gilda Maria Souza",
	TITLE        = "Verifica{\c{c}}{\~a}o de assinaturas off-line: uma abordagem utilizando modelos estat{\'i}sticos",
	SCHOOL       = "Universidade Federal de Santa Catarina",
	YEAR         = "1998",
	ADDRESS      = "Florian{\'o}polis"
}

@BOOK{haykin01,
	title={REDES NEURAIS - PRINCIPIOS E PRATICA},
	author={HAYKIN, S.S.},
	isbn={9788573077186},
	url={http://books.google.com.br/books?id=lBp0X5qfyjUC},
	year={2001},
	publisher={BOOKMAN COMPANHIA ED},
	PAGES = "27--32"
}

@ARTICLE{fukushima88, 
	author={Fukushima, K.}, 
	journal={Computer}, 
	title={A neural network for visual pattern recognition}, 
	year={1988},
	month={march}, 
	volume={21}, 
	number={3}, 
	pages={65 -75}
}

@MASTERSTHESIS{hugo95,
	AUTHOR       = "Hugo, Marcel",
	TITLE        = "Uma interface de reconhecimento de voz para o sistema de gerenciamento de central de informa{\c{c}}{\~o}es de fretes",
	SCHOOL       = "Universidade Federal de Santa Catarina",
	YEAR         = "1995",
	ADDRESS      = "Florian{\'o}polis"
}

@article{lata09,
	title={Facial recognition using eigenfaces by PCA},
	author={Lata, Y.V. and Tungathurthi, C.K.B. and Rao, H.R.M. and Govardhan, A. and Reddy, LP},
	journal={International Journal of Recent Trends in Engineering},
	volume={1},
	number={1},
	pages={587--590},
	year={2009}
}

@article{moon01,
	title={Computational and performance aspects of PCA-based face-recognition algorithms},
	author={Moon, H. and Phillips, P.J.},
	journal={Perception-London},
	volume={30},
	number={3},
	pages={303--322},
	year={2001},
	publisher={[London: Pion Ltd.]}
}

@inproceedings{wang10,
	title={Facial Recognition Based on Kernel PCA},
	author={Wang, Y. and Zhang, Y.},
	booktitle={Intelligent Networks and Intelligent Systems ICINIS, 2010 3rd International Conference on},
	pages={88--91},
	year={2010},
	organization={IEEE}
}

@article{gottumukkal04,
	title={An improved face recognition technique based on modular PCA approach},
	author={Gottumukkal, R. and Asari, V.K.},
	journal={Pattern Recognition Letters},
	volume={25},
	number={4},
	pages={429--436},
	year={2004},
	publisher={Elsevier}
}

@TECHREPORT{cruz11,
	AUTHOR       = "Cruz, Lucas de Almeida and Guimar√£es, Tatiane Gomes",
	TITLE        = "Estudo comparativo de t{\'e}cnicas para reconhecimento facial",
	YEAR         = "2011",
	ADDRESS      = "Trabalho apresentado como requisito parcial para aprova{\c{c}}{\~a}o na Disciplina Metodologia da Pesquisa - Universidade Federal do Paran{\'a}. Curitiba",
	PAGES = "21--28"
}

@inproceedings{chelali09,
	title={Linear discriminant analysis for face recognition},
	author={Chelali, FZ and Djeradi, A. and Djeradi, R.},
	booktitle={Multimedia Computing and Systems, 2009. ICMCS'09. International Conference on},
	pages={1--10},
	year={2009},
	organization={Ieee}
}

@article{santos11,
	title={Identifica{\c{c}}{\~a}o de faces humanas atrav{\'e}s de PCA, LDA e redes neurais SOM},
	author={Santos, A.R.},
	year={2011},
	publisher={Biblioteca Digital de Teses e Disserta{\c{c}}{\~o}es da USP}
}

@inproceedings{zhao98,
	title={Discriminant analysis of principal components for face recognition},
	author={Zhao, W. and Chellappa, R. and Krishnaswamy, A.},
	booktitle={Automatic Face and Gesture Recognition, 1998. Proceedings. Third IEEE International Conference on},
	pages={336--341},
	year={1998},
	organization={IEEE}
}

@article{melisek08,
	title={Support vector machines, PCA and LDA in face recognition},
	author={Meli{\v{s}}ek, J.M.M. and Pavlovicov{\` A}, M.O.J.},
	journal={Journal of Electrical Engineering},
	volume={59},
	number={4},
	pages={203--209},
	year={2008}
}

@TECHREPORT{bortolini10,
	AUTHOR       = "Bortolini, Diogo",
	TITLE        = "Utiliza{\c{c}}{\~a}o da an{\'a}lise de componentes principais para medida de similaridade entre imagens",
	YEAR         = "2010",
	ADDRESS      = "Trabalho de Conclus{\~a}o de Curso (Gradua{\c{c}}{\~a}o em Ci{\^e}ncia da Computa{\c{c}}{\~a}o) - Universidade do Estado de Santa Catarina. Joinville",
	PAGES = "9--21"
}

@article{ferrario08,
	title={Transformation properties of the Lagrange function},
	author={Ferrario, C. and Passerini, A.},
	journal="Revista Brasileira de Ensino de F{\'i}sica",
	volume={30},
	number={3},
	year={2008},
	publisher={SciELO Brasil}
}



@article{lorena07,
	title="Uma Introdu{\c{c}}{\~a}o {\`a}s Support Vector Machines",
	author={Lorena, A.C. and de Carvalho, A.C.},
	journal="Revista de Inform{\'a}tica Te{\'o}rica e Aplicada",
	volume={14},
	number={2},
	pages="43--67",
	year={2007}
}

@article{ivanciuc07,
	title={Applications of support vector machines in chemistry},
	author={Ivanciuc, O.},
	journal={Reviews in computational chemistry},
	pages="291--400",
	year={2007},
	publisher={Wiley Online Library}
}

@article{phillips99, 
	title={Support vector machines applied to face recognition}, 
	volume={11}, 
	number={NISTR 6241}, 
	journal={Advances in Neural Information Processing Systems 11}, 
	publisher={Citeseer}, 
	author={Phillips, P Jonathon}, 
	editor={M S KearnsEditors}, 
	year={1999}, 
	pages={803--809}
}

@incollection{bay06,
	author = {Bay, Herbert and Tuytelaars, Tinne and Van Gool, Luc},
	affiliation = {ETH Zurich},
	title = {SURF: Speeded Up Robust Features},
	booktitle = {Computer Vision - ECCV 2006},
	series = {Lecture Notes in Computer Science},
	editor = {Leonardis, Ales and Bischof, Horst and Pinz, Axel},
	publisher = {Springer Berlin / Heidelberg},
	pages = "404--417",
	volume = {3951},
	year = {2006}
}

@inproceedings{dreuw09,
	title={Surf-face: Face recognition under viewpoint consistency constraints},
	author={Dreuw, P. and Steingrube, P. and Hanselmann, H. and Ney, H.},
	booktitle={British Machine Vision Conference},
	volume={2},
	pages={7},
	year={2009}
}

@INPROCEEDINGS{shan09, 
	author="Shan An and Xin Ma and Rui Song and Yibin Li", 
	booktitle="Automation and Logistics, 2009. ICAL09. IEEE International Conference on", 
	title="Face detection and recognition with SURF for human-robot interaction", 
	year="2009", 
	month="aug.", 
	pages="1946--1951"
}

@article{bay08,
	title={Speeded-up robust features (SURF)},
	author={Bay, H. and Ess, A. and Tuytelaars, T. and Van Gool, L.},
	journal={Computer Vision and Image Understanding},
	volume={110},
	number={3},
	pages="346--359",
	year={2008},
	publisher={Elsevier}
}

@INPROCEEDINGS{hasa11, 
	author="Hasanuzzaman, F.M. and Xiaodong Yang and YingLi Tian", 
	booktitle="Wireless and Optical Communications Conference (WOCC), 2011 20th Annual", 
	title="Robust and effective component-based banknote recognition by SURF features", 
	year="2011", 
	month="april", 
	pages="1--6", 
}

@inproceedings{du09,
	title="Face recognition using SURF features",
	author="Du, G. and Su, F. and Cai, A.",
	booktitle="Proc. of SPIE Vol",
	volume="7496",
	pages="749628--1",
	year="2009"
}

@inproceedings{grimaud92,
	title="New measure of contrast: the dynamics",
	author="Grimaud, M.",
	booktitle="SPIE - The International Society for Optical Engineering",
	volume="1769",
	pages="292--305",
	year="1992"
}

@inproceedings{vachier95,
	title="Extinction value - a new measurement of persistence",
	author="Vachier, C. and Meyer, F.",
	booktitle="IEEE Workshop on nonlinear signal and image processing",
	volume="1",
	pages="254--257",
	year="1995"
}

@ARTICLE{silva08,
	title="Determina{\c{c}}{\~a}o eficiente de novos valores de extin{\c{c}}{\~a}o aplicados a problemas de vis{\~a}o computacional",
	author="Goncalves Silva, Alexandre and Lotufo, Roberto de Alencar and Arthur, R.",
	journal="Congresso Brasileiro de Autom{\'a}tica, 2008",
	year="2008",
	publisher="CBA 2008",
	address = "Juiz de Fora-MG"
}

@inproceedings{goncalves08,
	title="New Extinction Values from Efficient Construction and Analysis of Extended Attribute Component Tree",
	author="Goncalves Silva, A. and de Alencar Lotufo, R.",
	booktitle="Computer Graphics and Image Processing, 2008. SIBGRAPI 08. XXI Brazilian Symposium on",
	pages="204--211",
	year="2008",
  	organization="IEEE"
}



@article{marin03,
	title = "Reconhecimento de faces",
	author = "Marin, L. de Oliveira and Barreto, J. M.",
	year = "2003",
	pages = "36"
}

@article{freiwald10,
	title="Functional compartmentalization and viewpoint generalization within the macaque face processing system",
	author="Freiwald, W. A. and Tsao, D. Y.",
	journal="Science",
	volume="330",
	number="6005",
	pages="845--851",
	year="2010",
	publisher="American Association for the Advancement of Science"
}

@TECHREPORT{menezes09,
	AUTHOR       = "Menezes, Ginno Silva de",
	TITLE        = "Reconhecimento de faces usando an{\'a}lise de componentes principais e morfologia matem{\'a}tica",
	YEAR         = "2009",
	ADDRESS      = "Trabalho de Conclus{\~a}o de Curso (Gradua{\c{c}}{\~a}o em Engenharia da Computa{\c{c}}{\~a}o) - Universidade de Pernambuco. Recife",
	PAGES = "28"
}

@misc{lopes05,
	title="Detec{\c{c}}{\~a}o de Faces e Caracter{\'i}sticas Faciais",
	author="Lopes, E. C. and Bins Filho, J. C. and No, R. T.",
	year="2005",
	publisher="Relat{\'o}rio T{\'e}cnico, Pontif{\'i}cia Universidade Cat{\'o}lica do Rio Grande do Sul - PUCRS",
	pages = "16"
}

@inproceedings{luo05,
	title="Face recognition based on wavelet transform and SVM",
	author="Luo, B. and Zhang, Y. and Pan, Y. H.",
	booktitle="Information Acquisition, 2005 IEEE International Conference on",
	pages="5--pp",
	year="2005",
	organization="IEEE"
}

@PHDTHESIS{gonzales11,
	AUTHOR       = "Gonzales, Giancarlo Luis Gomez",
	TITLE        = "Aplica{\c{c}}{\~a}o da t{\'e}cnica SIFT para determina{\c{c}}{\~a}o de campos e deforma{\c{c}}{\~o}es de materiais usando vis{\~a}o computacional",
	SCHOOL       ="Pontif{\'i}cia Universidade Cat{\'o}lica do Rio de Janeiro",
	YEAR         = "2011",
	ADDRESS      = "Rio de Janeiro",
	PAGES = "51"
}

@book{gonzalez00,
	title = "Processamento de imagens digitais",
	author = "Gonzalez, R. C. and Woods, R. E.",
	year = "2000",
	publisher = "Editora Edgard Blucher",
	pages = "4--13"
}

@book{pedrini08,
	title="An{\'a}lise de imagens digitais: princ{\'i}pios, algoritmos e aplica{\c{c}}{\~o}es",
	author="Pedrini, H. and Schwartz, W. R.",
	year="2008",
	publisher="Thomson Learning",
	pages = "508--pp"
}

@PHDTHESIS{silva09,
	AUTHOR       = "Silva, Alexandre Gon{\c{c}}alves",
	TITLE        = "Uso de {\'a}rvore de Componentes para Filtragem, Segmenta{\c{c}}{\~a}o e Detec{\c{c}}{\~a}o de Padr{\~o}es em Imagens Digitais",
	SCHOOL       ="Universidade Estadual de Campinas, Faculdade de Engenharia El{\'e}trica",
	YEAR         = "2009",
	ADDRESS      = "Campinas",
	PAGES 		 = "111--pp."
}

@article{reaes06,
	title="Reconhecimento de Faces em Imagens: Projeto Beholder",
 	author="Reaes, F. M.",
	journal="Trabalho de formatura Supervisionado--Universidade De S{\~a}o Paulo (USP)",
	year="2006"
}

@MASTERSTHESIS{marcuzzo07,
	AUTHOR       = "Marcuzzo, Monica",
	TITLE        = "Quantifica{\c{c}}{\~a}o de Impress{\~o}es Diagn{\'o}sticas em Imagens de Cintilografia Renal",
	SCHOOL       = "Universidade Federal do Rio Grande do Sul",
	YEAR         = "2007",
	ADDRESS      = "Porto Alegre"
}

@article{neves08,
  title={Estudo e implementa{\c{c}}{\~a}o de t{\'e}cnicas de segmenta{\c{c}}{\~a}o de imagens},
  author={Neves, S.C.M. and Pelaes, E.G. and de Sinais, L.P.},
  journal={Revista Virtual de Inicia{\c{c}}{\~a}o Acad{\^e}mica da UFPA-Universidade Federal do Par{\'a}--Departamento de Engenharia El{\'e}trica e de Computa{\c{c}}{\~a}o},
  volume={1},
  number={2},
  year={2008}
}

@Book{facon05,
  author = 	 {J. Facon},
  title = 	 {Processamento e An\'{a}lise de Imagens},
  note = 	 {http://www.ppgia.pucpr.br/$\sim$facon/IndexPrincipalBrCursos.htm (visitado em 10/2012)},
  year = {2005}
}

@Article{silva11,
  author = {A. G. Silva and R. A. Lotufo},
  title = {Efficient computation of new extinction values from extended component tree},
  journal = {Pattern Recognition Letters},
  volume = {32},
  number = {1},
  year = {2011},
  pages = "79--90"
}

@inproceedings{dougherty03,
  title={Hands-on morphological image processing},
  author={Dougherty, E.R. and Lotufo, R.A.},
  year={2003},
  organization={SPIE-International Society for Optical Engineering}
}

@article{branco05,
  title={Filtros de convolu{\c{c}}{\~a}o proporcionais para realce de imagens},
  author={Branco, F.C. and de Almeida, T.I.R. and de Souza Filho, C.R.},
  journal={Simp{\'o}sio Brasileiro de Sensoriamento Remoto, 12 (SBSR)},
  pages={4013--4020},
  year={2005},
  publisher={City S{\~a}o Jos{\'e} dos Campos}
}

@book{peixoto00,
  title={Transformadas de dist{\^a}ncia},
  author={Peixoto, A. and Velho, L.C.},
  year={2000},
  publisher={PUC}
}

@article{peccini02,
  title={Segmenta{\c{c}}{\~a}o de Imagens por Watersheds: Uma Implementa{\c{c}}{\~a}o Utilizando a Linguagem JAVA},
  author={Peccini, G. and Ornellas, M.C.},
  journal="Universidade Federal de Santa Maria, Santa Maria -- Brasil",
  year={2002}
}

@article{andreola09,
	title="Support vector machines na classifica{\c{c}}{\~a}o de imagens hiperespectrais",
	author="Andreola, R.",
	year="2009",
	publisher="Universidade Federal do Rio Grande do Sul. Centro Estadual de Pesquisas em Sensoriamento Remoto e Meteorologia. Programa de P{\'o}s-Gradua{\c{c}}{\~a}o em Sensoriamento Remoto."
}

@phdthesis{decampos01,
	title="T{\'e}cnicas de sele{\c{c}}{\~a}o de caracter{\'i}sticas com aplica{\c{c}}{\~o}es em reconhecimento de faces",
	author="Campos, Te{\'o}filo Em{\'i}dio de",
	year="2001",
 	school="Universidade de S{\~a}o Paulo",
	address="S{\~a}o Paulo",
	pages = "1--3"
}

@article{costa07,
	title = "Autentica{\c{c}}{\~a}o em Web Banking por Credenciais Biom{\'e}tricas Suportadas pelos Padr{\~o}es de Servi{\c{c}}os Web",
	author = "Costa, L.R. and Obelheiro, R.R. and Fraga, J.S.",
	journal = "25o Simp{\'o}sio Brasileiro de Redes de Computadores e Sistemas Distribu{\'i}dos",
	year = "2007",
	address = "Bel{\'e}m -- PA",
	pages = "531"
}

@book{okabe09,
  title={Spatial tessellations: concepts and applications of Voronoi diagrams},
  author={Okabe, A. and Boots, B. and Sugihara, K. and Chiu, S.N.},
  volume={501},
  year={2009},
  publisher={Wiley}
}

@misc{adesso2012,
  author = 	 {Adessowiki},
  title = 	 {Filtragem de imagem no dom√≠nio espacial.},
  note = 	 {Dispon√≠vel em: <http://xa.yimg.com/kq/groups/22932771/579878850/name/PI-Kit2011-05T-ALFA.pdf> Acesso em: 1 de dez. 2012.},
  year = {2012}
}

@misc{yale2012,
  author = 	 {Yale},
  title = 	 {Yale Face Database},
  note = 	 {Dispon√≠vel em: <http://cvc.yale.edu/projects/yalefaces/yalefaces.html> Acesso em: 4 de dez. 2012.},
  year = {2012}
}

@misc{atet2012,
  author = 	 {AT\&T Laboratories Cambridge},
  title = 	 {The database of faces},
  note = 	 {Dispon√≠vel em: <http://www.cl.cam.ac.uk/research/dtg/attarchive/facedatabase.html> Acesso em: 4 de dez. 2012.},
  year = {2012}
}

@misc{stirling2012,
  author = 	 {Peter Hancock},
  title = 	 {2D face sets},
  note = 	 {Dispon√≠vel em: <http://pics.psych.stir.ac.uk/2D\_face\_sets.htm> Acesso em: 4 de dez. 2012.},
  year = {2012}
}
