@Book{archoverview,
    author = 	 {ONF},
    title = 	 {SDN Architecture Overview},
    year = 	 {2013},
}

@Book{archteture,
    author = 	 {ONF},
    title = 	 {SDN Architecture},
    year = 	 {2014},
}

@Book{newnorm,
    author = 	 {ONF},
    title = 	 {Software-Defined Networking: The New Norm for Networks},
    year = 	 {2012},
}

@Book{road,
    author = 	 {Nick Feamster, Jennifer Rexford and Ellen Zegura},
    title = 	 {The road to SDN: An intellectual history of programmable networks},
    year = 	 {2011},
}

@Book{management,
    author = 	 {Theophilus Benson, Aditya Akella and David Maltz},
    title = 	 {Unraveling the Complexity of the Network Management},
    year = 	 {2010},
}

@Book{onf:cpe,
    author = 	 {ONF},
    title = 	 {SDN in the Campus Environment},
    year = 	 {2014},
}

@article{survey,
    author    = {Diego Kreutz and
        Fernando M. V. Ramos and
            Paulo Ver{\'{\i}}ssimo and
            Christian Esteve Rothenberg and
            Siamak Azodolmolky and
            Steve Uhlig},
    title     = {Software-Defined Networking: {A} Comprehensive Survey},
    journal   = {CoRR},
    year      = {2014},
}

@article{networkinalaptop,
    author = {Bob Lantz and Brandon Heller and Nick Mckeown},
    title = {A Network in a Laptop, Rapid Prototyping for Software-Defined Networks},
    year = {2010}
}

@article{mininetproto,
    author = {Rogério Leão Santos de Oliveira and Ailton Akira Shinoda and Christiane Marie Schweitzer and Ligia Rodrigues Prete},
    title = {Using Mininet for Emulation and Prototyping Software-Defined Networks},
    year = {2013}
}

@article{globalmininet,
    author = {Vitaly Antonenko and Ruslan Smelyanskiy},
    title = {Global Network Modelling Based on Mininet Approach},
    year = {2013}
}

@misc{bsd,
    title = "BSD License",
    year = "2015",
    howpublished = {\url{https://opensource.org/licenses/BSD-3-Clause}},
    note = "[Online; accessed 25-Outubro-2015]"
}

@misc{mininetlicense,
    title = "Mininet License",
    year = "2015",
    howpublished = {\url{https://github.com/mininet/mininet/blob/master/LICENSE}},
    note = "[Online; accessed 25-Outubro-2015]"
}

@misc{mininetsite,
    title = "Mininet: An Instant Virtual network on your laptop (or other PC)",
    year = "2015",
    howpublished = {\url{http://mininet.org}},
    note = "[Online; accessed 25-Outubro-2015]"
}

@misc{mininetapi,
    title = "Mininet Python API Reference Manual",
    year = "2015",
    howpublished = {\url{http://mininet.org/api/index.html}},
    note = "[Online; accessed 28-Outubro-2015]"
}

@misc{networknamespace,
    title = "ip-netns - Linux manual page",
    year = "2015",
    howpublished = {\url{http://man7.org/linux/man-pages/man8/ip-netns.8.html}},
    note = "[Online; accessed 25-Outubro-2015]"
}

@misc{rsync_man,
    title = "rsync(1) - Linux manual page",
    year = "2015",
    howpublished = {\url{http://linux.die.net/man/1/rsync}},
    note = "[Online; accessed 18-Novembro-2015]"
}

@misc{free_man,
    title = "free(1) - Linux manual page",
    year = "2015",
    howpublished = {\url{http://linux.die.net/man/1/free}},
    note = "[Online; accessed 25-Outubro-2015]"
}

@misc{time_man,
    title = "Bash Reference Manual",
    year = "2015",
    howpublished = {\url{https://www.gnu.org/software/bash/manual/bash.html}},
    note = "[Online; accessed 25-Outubro-2015]"
}

@misc{kernel_slab,
    title = "Linux Programmer's Manual, slab info",
    year = "2015",
    howpublished = {\url{http://man7.org/linux/man-pages/man5/slabinfo.5.html}},
    note = "[Online; accessed 25-Outubro-2015]"
}

@misc{kernel_drop_caches,
    title = "Linux Kernel Documentation",
    year = "2015",
    howpublished = {\url{https://www.kernel.org/doc/Documentation/sysctl/vm.txt}},
    note = "[Online; accessed 25-Outubro-2015]"
}

@article{maxinet,
    author={Wette, P. and Draxler, M. and Schwabe, A. and Wallaschek, F. and Zahraee, M.H. and Karl, H.},
    title={MaxiNet: Distributed emulation of software-defined networks},
    year={2014},
    month={June},
}

@article{mininethifi,
    author = {Handigol, Nikhil and Heller, Brandon and Jeyakumar, Vimalkumar and Lantz, Bob and McKeown, Nick},
    title = {Reproducible Network Experiments Using Container-based Emulation},
    year = {2012},
    pages = {253--264},
}

@article{openFlow:pt,
    title={OpenFlow e redes definidas por software: um novo paradigma de controle e inovação em redes de pacotes},
    author={Rothenberg, Cristian and Nascimento, Marcelo and Salvador, Marcos and Magalhães, Ferreira},
    journal={CPqD Tecnologia},
    volume={7},
    pages={65--76},
    year={2011},
    publisher={}
}

@article{openflow:campusinovation,
    author = {McKeown, Nick and Anderson, Tom and Balakrishnan, Hari and Parulkar, Guru and Peterson, Larry and Rexford, Jennifer and Shenker, Scott and Turner, Jonathan},
    title = {OpenFlow: Enabling Innovation in Campus Networks},
    journal = {SIGCOMM Comput. Commun. Rev.},
    issue_date = {April 2008},
    volume = {38},
    number = {2},
    month = mar,
    year = {2008},
    issn = {0146-4833},
    pages = {69--74},
    numpages = {6},
    url = {http://doi.acm.org/10.1145/1355734.1355746},
    doi = {10.1145/1355734.1355746},
    acmid = {1355746},
    publisher = {ACM},
    address = {New York, NY, USA},
    keywords = {ethernet switch, flow-based, virtualization},
}

@article{2012onf_sdn,
    address = {Palo Alto, CA, USA},
    author = {{Open Networking Foundation}},
    institution = {Open Networking Foundation},
    priority = {2},
    title = {{Software-Defined Networking: The New Norm for Networks}},
    type = {White paper},
    url = {http://www.opennetworking.org/images/stories/downloads/sdn-resources/white-papers/wp-sdn-newnorm.pdf},
    year = {2012}
}
